<record><leader>00000cas a22000007a 4500</leader><controlfield tag="001">1752177</controlfield><controlfield tag="008">751101c19229999mnuwr ne      0    0eng d</controlfield><datafield ind1=" " ind2=" " tag="010"><subfield code="a">sn 91059328 </subfield></datafield><datafield ind1=" " ind2=" " tag="040"><subfield code="a">MUL</subfield><subfield code="b">eng</subfield><subfield code="c">MUL</subfield><subfield code="d">MN#</subfield><subfield code="d">OCLCQ</subfield><subfield code="d">OCLCF</subfield><subfield code="d">OCLCO</subfield></datafield><datafield ind1="1" ind2=" " tag="029"><subfield code="a">AU@</subfield><subfield code="b">000025891974</subfield></datafield><datafield ind1=" " ind2=" " tag="042"><subfield code="a">msc</subfield></datafield><datafield ind1=" " ind2=" " tag="043"><subfield code="a">n-us-mn</subfield></datafield><datafield ind1=" " ind2=" " tag="052"><subfield code="a">4144</subfield><subfield code="b">H68</subfield></datafield><datafield ind1=" " ind2=" " tag="052"><subfield code="a">4143</subfield><subfield code="b">G7</subfield></datafield><datafield ind1="0" ind2="4" tag="245"><subfield code="a">The Hoffman tribune.</subfield></datafield><datafield ind1=" " ind2=" " tag="260"><subfield code="a">Hoffman, Grant County, Minn. :</subfield><subfield code="b">E.W. Carlson</subfield></datafield><datafield ind1=" " ind2=" " tag="300"><subfield code="a">v.</subfield></datafield><datafield ind1=" " ind2=" " tag="310"><subfield code="a">Weekly</subfield></datafield><datafield ind1="1" ind2=" " tag="362"><subfield code="a">Began in Aug. 1922.</subfield></datafield><datafield ind1=" " ind2=" " tag="515"><subfield code="a">Publication suspended with issue for Jan. 31, 1963, due to death of publisher; publication resumed with issue for Mar. 14, 1963.</subfield></datafield><datafield ind1=" " ind2=" " tag="530"><subfield code="a">Available on microfilm from the Minnesota Historical Society.</subfield></datafield><datafield ind1=" " ind2=" " tag="588"><subfield code="a">Description based on: Vol. 20, no. 37 (Apr. 16, 1942).</subfield></datafield><datafield ind1=" " ind2="0" tag="651"><subfield code="a">Hoffman (Minn.)</subfield><subfield code="v">Newspapers.</subfield></datafield><datafield ind1=" " ind2="7" tag="655"><subfield code="a">Newspapers.</subfield><subfield code="2">fast</subfield><subfield code="0">(OCoLC)fst01423814</subfield></datafield><datafield ind1=" " ind2="7" tag="651"><subfield code="a">Minnesota</subfield><subfield code="z">Hoffman.</subfield><subfield code="2">fast</subfield><subfield code="0">(OCoLC)fst01258566</subfield></datafield><datafield ind1=" " ind2=" " tag="752"><subfield code="a">United States</subfield><subfield code="b">Minnesota</subfield><subfield code="c">Grant</subfield><subfield code="d">Hoffman.</subfield></datafield></record>